@ARTICLE{Jacobson2012,
   author = {{Jacobson}, R. and {Brozovi{\'c}}, M. and {Gladman}, B. and 
	{Alexandersen}, M. and {Nicholson}, P.~D. and {Veillet}, C.},
    title = "{Irregular Satellites of the Outer Planets: Orbital Uncertainties and Astrometric Recoveries in 2009-2011}",
  journal = {\aj},
 keywords = {planets and satellites: individual: Jupiter Saturn Uranus Neptune},
     year = 2012,
    month = nov,
   volume = 144,
      eid = {132},
    pages = {132},
      doi = {10.1088/0004-6256/144/5/132},
   adsurl = {http://adsabs.harvard.edu/abs/2012AJ....144..132J},
  adsnote = {Provided by the SAO/NASA Astrophysics Data System}
}

@ARTICLE{GomesJunior2015,
   author = {{Gomes-J{\'u}nior}, A.~R. and {Assafin}, M. and {Vieira-Martins}, R. and 
	{Arlot}, J.-E. and {Camargo}, J.~I.~B. and {Braga-Ribas}, F. and 
	{da Silva Neto}, D.~N. and {Andrei}, A.~H. and {Dias-Oliveira}, A. and 
	{Morgado}, B.~E. and {Benedetti-Rossi}, G. and {Duchemin}, Y. and 
	{Desmars}, J. and {Lainey}, V. and {Thuillot}, W.},
    title = "{Astrometric positions for 18 irregular satellites of giant planets from 23 years of observations}",
  journal = {\aap},
archivePrefix = "arXiv",
   eprint = {1506.00045},
 primaryClass = "astro-ph.IM",
 keywords = {planets and satellites: general, planets and satellites: individual: Jupiter, planets and satellites: individual: Saturn, astrometry},
     year = 2015,
    month = aug,
   volume = 580,
      eid = {A76},
    pages = {A76},
      doi = {10.1051/0004-6361/201526273},
   adsurl = {http://adsabs.harvard.edu/abs/2015A%26A...580A..76G},
  adsnote = {Provided by the SAO/NASA Astrophysics Data System}
}

@ARTICLE{Lainey2004,
   author = {{Lainey}, V. and {Duriez}, L. and {Vienne}, A.},
    title = "{New accurate ephemerides for the Galilean satellites of Jupiter. I. Numerical integration of elaborated equations of motion}",
  journal = {\aap},
 keywords = {celestial mechanics, planets and satellites: individual: Jupiter, ephemerides},
     year = 2004,
    month = jun,
   volume = 420,
    pages = {1171-1183},
      doi = {10.1051/0004-6361:20034565},
   adsurl = {http://adsabs.harvard.edu/abs/2004A%26A...420.1171L},
  adsnote = {Provided by the SAO/NASA Astrophysics Data System}
}
@INPROCEEDINGS{Everhart1985,
   author = {{Everhart}, E.},
    title = "{An efficient integrator that uses Gauss-Radau spacings}",
booktitle = {Dynamics of Comets: Their Origin and Evolution, Proceedings of IAU Colloq. 83, held in Rome, Italy, June 11-15, 1984.  Edited by Andrea Carusi and Giovanni B. Valsecchi.  Dordrecht: Reidel, Astrophysics and Space Science Library. Volume 115, 1985, p.185},
     year = 1985,
   editor = {{Carusi}, A. and {Valsecchi}, G.~B.},
    pages = {185},
   adsurl = {http://adsabs.harvard.edu/abs/1985dcto.proc..185E},
  adsnote = {Provided by the SAO/NASA Astrophysics Data System}
}


