@article{Pascu2006,
title={HST BVI photometry of Triton and Proteus},
volume={185},
url={http://dx.doi.org/10.1016/j.icarus.2006.07.020},
DOI={10.1016/j.icarus.2006.07.020},
number={2},
journal={Icarus},
publisher={Elsevier BV},
author={Pascu, Dan and Storrs, Alex D. and Wells, Eddie N. and Hershey, John L. and Rohde, James R. and Seidelmann, P. Kenneth and Currie, Douglas G.},
year={2006},
month={Dec},
pages={487â€“491}
}

@article{Benedetti-Rossi2014,
title={Pluto: improved astrometry from 19 years of observations},
volume={570},
url={http://dx.doi.org/10.1051/0004-6361/201424275},
DOI={10.1051/0004-6361/201424275},
journal={Astronomy \& Astrophysics},
publisher={EDP Sciences},
author={Benedetti-Rossi, G. and Vieira Martins, R. and Camargo, J. I. B. and Assafin, M. and Braga-Ribas, F.},
year={2014},
month={Oct},
pages={A86}
}

@ARTICLE{Schmude2016,
   author = {{Schmude}, Jr., R.~W. and {Baker}, R.~E. and {Fox}, J. and {Krobusek}, B.~A. and 
	{Pavlov}, H. and {Mallama}, A.},
    title = "{The Secular and Rotational Brightness Variations of Neptune}",
  journal = {ArXiv e-prints},
archivePrefix = "arXiv",
   eprint = {1604.00518},
 primaryClass = "astro-ph.EP",
 keywords = {Astrophysics - Earth and Planetary Astrophysics},
     year = 2016,
    month = apr,
   adsurl = {http://adsabs.harvard.edu/abs/2016arXiv160400518S},
  adsnote = {Provided by the SAO/NASA Astrophysics Data System}
}
