@Article{Johnson1973,
title={Topography on satellite surfaces and the shape of asteroids},
volume={18},
url={http://dx.doi.org/10.1016/0019-1035(73)90064-X},
DOI={10.1016/0019-1035(73)90064-x},
number={4},
journal={Icarus},
publisher={Elsevier BV},
author={Johnson, T.V. and McGetchin, T.R.},
year={1973},
month={Apr},
pages={612–620}
}

@article{Elliot1979,
title={Stellar Occultation Studies of the Solar System},
volume={17},
url={http://dx.doi.org/10.1146/annurev.aa.17.090179.002305},
DOI={10.1146/annurev.aa.17.090179.002305},
number={1},
journal={Annual Review of Astronomy and Astrophysics},
publisher={Annual Reviews},
author={Elliot, James L.},
year={1979},
month={Sep},
pages={445–475}
}

@Article{Millis1987,
title={The size, shape, density, and Albedo of Ceres from its occultation of BD+8°471},
volume={72},
url={http://dx.doi.org/10.1016/0019-1035(87)90048-0},
DOI={10.1016/0019-1035(87)90048-0},
number={3},
journal={Icarus},
publisher={Elsevier BV},
author={Millis, R.L. and Wasserman, L.H. and Franz, O.G. and others},
year={1987},
month={Dec},
pages={507–518}
}

@Article{Smith1989,
title={Voyager 2 at Neptune: Imaging Science Results},
volume={246},
url={http://dx.doi.org/10.1126/science.246.4936.1422},
DOI={10.1126/science.246.4936.1422},
number={4936},
journal={Science},
publisher={American Association for the Advancement of Science (AAAS)},
author={Smith, B. A. and Soderblom, L. A. and Banfield, D. and others},
year={1989},
month={Dec},
pages={1422–1449}
}

@article{Hansen1992,
title={A thermal model for the seasonal nitrogen cycle on Triton},
volume={99},
url={http://dx.doi.org/10.1016/0019-1035(92)90146-X},
DOI={10.1016/0019-1035(92)90146-x},
number={2},
journal={Icarus},
publisher={Elsevier BV},
author={Hansen, Candice J. and Paige, David A.},
year={1992},
month={Oct},
pages={273–288}
}

@article{Jewitt1993,
title={Discovery of the candidate Kuiper belt object 1992 QB1},
volume={362},
url={http://dx.doi.org/10.1038/362730a0},
DOI={10.1038/362730a0},
number={6422},
journal={Nature},
publisher={Nature Publishing Group},
author={Jewitt, David and Luu, Jane},
year={1993},
month={Apr},
pages={730–732}
}

@PhdThesis{Gurola1995,
author = {Gurrola, Eric Michael},
title = {Interpretation of Radar Data from the Icy Galilean Satellites and Triton},
url={http://adsabs.harvard.edu/abs/1995PhDT........12G},
school = {STANFORD UNIVERSITY},
year = {1995},
}

@INPROCEEDINGS{Giorgini1996,
   author = {{Giorgini}, J.~D. and {Yeomans}, D.~K. and {Chamberlin}, A.~B. and others},
    title = {JPL's On-Line Solar System Data Service},
booktitle = {AAS/Division for Planetary Sciences Meeting Abstracts \#28},
     year = 1996,
   series = {Bulletin of the American Astronomical Society},
   volume = 28,
    month = sep,
    pages = {1158},
   adsurl = {http://adsabs.harvard.edu/abs/1996DPS....28.2504G},
  adsnote = {Provided by the SAO/NASA Astrophysics Data System}
}

@article{Olkin1997,
title={The Thermal Structure of Triton’s Atmosphere: Results from the 1993 and 1995 Occultations},
volume={129},
url={http://dx.doi.org/10.1006/icar.1997.5757},
DOI={10.1006/icar.1997.5757},
number={1},
journal={Icarus},
publisher={Elsevier BV},
author={Olkin, C.B. and Elliot, J.L. and Hammel, H.B. and others},
year={1997},
month={Sep},
pages={178–201}
}

@INPROCEEDINGS{Sicardy1998,
   author = {Sicardy, B. and Mousis, O. and Beisker, W. and others},
    title = {Structure of Triton's atmosphere from the occultation of Tr176},
booktitle = {AAS/Division for Planetary Sciences Meeting Abstracts \#30},
     year = 1998,
   series = {Bulletin of the American Astronomical Society},
   volume = 30,
    month = sep,
    pages = {1107},
   adsurl = {http://adsabs.harvard.edu/abs/1998DPS....30.4902S},
  adsnote = {Provided by the SAO/NASA Astrophysics Data System}
}

@article{Thomas2000,
title={The Shape of Triton from Limb Profiles},
volume={148},
url={http://dx.doi.org/10.1006/icar.2000.6511},
DOI={10.1006/icar.2000.6511},
number={2},
journal={Icarus},
publisher={Elsevier BV},
author={Thomas, P},
year={2000},
month={Dec},
pages={587–588}
}

@article{Elliot2000,
title={The Prediction and Observation of the 1997 July 18 Stellar Occultation by Triton: More Evidence for Distortion and Increasing Pressure in Triton’s Atmosphere},
volume={148},
url={http://dx.doi.org/10.1006/icar.2000.6508},
DOI={10.1006/icar.2000.6508},
number={2},
journal={Icarus},
publisher={Elsevier BV},
author={Elliot, J. and Person, M. J. and McDonald, S. W. and others},
year={2000},
month={Dec},
pages={347–369}
}

@Article{Rettig2001,
title={Implied Evolutionary Differences of the Jovian Irregular Satellites from a BVR Color Survey},
volume={154},
url={http://dx.doi.org/10.1006/icar.2001.6715},
DOI={10.1006/icar.2001.6715},
number={2},
journal={Icarus},
publisher={Elsevier BV},
author={Rettig, T},
year={2001},
month={Dec},
pages={313–320}
}

@article{Fernandez2002,
title={Thermal Properties of Centaurs Asbolus and Chiron},
volume={123},
url={http://dx.doi.org/10.1086/338436},
DOI={10.1086/338436},
number={2},
journal={The Astronomical Journal},
publisher={IOP Publishing},
author={Fernández, Yanga R. and Jewitt, David C. and Sheppard, Scott S.},
year={2002},
month={Feb},
pages={1050–1055}
}

@ARTICLE{Sheppard2003,
title={An abundant population of small irregular satellites around Jupiter},
volume={423},
url={http://dx.doi.org/10.1038/nature01584},
DOI={10.1038/nature01584},
number={6937},
journal={Nature},
publisher={Nature Publishing Group},
author={Sheppard, Scott S. and Jewitt, David C.},
year={2003},
month={May},
pages={261–263}
}

@article{Grav2003,
title={Photometric survey of the irregular satellites},
volume={166},
url={http://dx.doi.org/10.1016/j.icarus.2003.07.005},
DOI={10.1016/j.icarus.2003.07.005},
number={1},
journal={Icarus},
publisher={Elsevier BV},
author={Grav, Tommy and Holman, Matthew J. and Gladman, Brett J. and Aksnes, Kaare},
year={2003},
month={Nov},
pages={33–45}
}

@article{Porco2003,
title={Cassini Imaging of Jupiter’s Atmosphere, Satellites, and Rings},
volume={299},
url={http://dx.doi.org/10.1126/science.1079462},
DOI={10.1126/science.1079462},
number={5612},
journal={Science},
publisher={American Association for the Advancement of Science (AAAS)}, 
year={2003},
month={Mar},
pages={1541–1547},
author = {Porco, Carolyn C and West, Robert A and McEwen, Alfred and others},
}

@article{Nesvorny2003,
title={Orbital and Collisional Evolution of the Irregular Satellites},
volume={126},
url={http://dx.doi.org/10.1086/375461},
DOI={10.1086/375461},
number={1},
journal={AJ},
publisher={IOP Publishing},
author={Nesvorný, David and Alvarellos, Jose L. A. and Dones, Luke and Levison, Harold F.},
year={2003},
month={Jul},
pages={398–429}
}

@article{Nesvorny2004,
title={Collisional Origin of Families of Irregular Satellites},
volume={127},
url={http://dx.doi.org/10.1086/382099},
DOI={10.1086/382099},
number={3},
journal={AJ},
publisher={IOP Publishing},
author={Nesvorný, David and Beaugé, Cristian and Dones, Luke},
year={2004},
month={Mar},
pages={1768–1783}
}

@Article{Tsiganis2005, 
title={Origin of the orbital architecture of the giant planets of the Solar System},
volume={435},
url={http://dx.doi.org/10.1038/nature03539},
DOI={10.1038/nature03539},
number={7041},
journal={Nature},
publisher={Nature Publishing Group},
author={Tsiganis, K. and Gomes, R. and Morbidelli, A. and Levison, H. F.},
year={2005},
month={May},
pages={459–461}
}

@Article{Gomes2005,
title={Origin of the cataclysmic Late Heavy Bombardment period of the terrestrial planets},
volume={435},
url={http://dx.doi.org/10.1038/nature03676},
DOI={10.1038/nature03676},
number={7041},
journal={Nature},
publisher={Nature Publishing Group},
author={Gomes, R. and Levison, H. F. and Tsiganis, K. and Morbidelli, A.},
year={2005},
month={May},
pages={466–469}
}

@article{Morbidelli2005,
title={Chaotic capture of Jupiter’s Trojan asteroids in the early Solar System},
volume={435},
url={http://dx.doi.org/10.1038/nature03540},
DOI={10.1038/nature03540},
number={7041},
journal={Nature},
publisher={Nature Publishing Group},
author={Morbidelli, A. and Levison, H. F. and Tsiganis, K. and Gomes, R.},
year={2005},
month={May},
pages={462–465}
}

@Article{Thomas2005,
title={Differentiation of the asteroid Ceres as revealed by its shape},
volume={437},
url={http://dx.doi.org/10.1038/nature03938},
DOI={10.1038/nature03938},
number={7056},
journal={Nature},
publisher={Nature Publishing Group},
author={Thomas, P. C. and Parker, J. Wm. and McFadden, L. A. and others},
year={2005},
month={Sep},
pages={224–226}
}

@article{Clark2005,
title={Compositional maps of Saturn’s moon Phoebe from imaging spectroscopy},
volume={435},
url={http://dx.doi.org/10.1038/nature03558},
DOI={10.1038/nature03558},
number={7038},
journal={Nature},
publisher={Nature Publishing Group},
author={Clark, Roger N. and Brown, Robert H. and Jaumann, Ralf and others},
year={2005},
month={May},
pages={66–69}
}

@misc{Sheppard2005,
title={Outer irregular satellites of the planets and their relationship with asteroids, comets and Kuiper Belt objects},
volume={1},
url={http://dx.doi.org/10.1017/S1743921305006824},
DOI={10.1017/s1743921305006824},
number={S229},
journal={Proceedings of the International Astronomical Union},
publisher={Cambridge University Press (CUP)},
author={Sheppard, Scott S.},
year={2005},
month={Aug},
pages={319}
}

@article{Agnor2006,
title={Neptune’s capture of its moon Triton in a binary-planet gravitational encounter},
volume={441},
url={http://dx.doi.org/10.1038/nature04792},
DOI={10.1038/nature04792},
number={7090},
journal={Nature},
publisher={Nature Publishing Group},
author={Agnor, Craig B. and Hamilton, Douglas P.},
year={2006},
month={May},
pages={192–194}
}

@ARTICLE{Grav2007,
title={A deeper look at the colors of the saturnian irregular satellites},
volume={191},
url={http://dx.doi.org/10.1016/j.icarus.2007.04.020},
DOI={10.1016/j.icarus.2007.04.020},
number={1},
journal={Icarus},
publisher={Elsevier BV},
author={Grav, T and Bauer, J},
year={2007},
month={Nov},
pages={267–285}
}

@article{Nesvorny2007,
title={Capture of Irregular Satellites during Planetary Encounters},
volume={133},
url={http://dx.doi.org/10.1086/512850},
DOI={10.1086/512850},
number={5},
journal={AJ},
publisher={IOP Publishing},
author={Nesvorný, David and Vokrouhlický, David and Morbidelli, Alessandro},
year={2007},
month={Mar},
pages={1962–1976}
}

@InBook{McKinnon2007,
title={Triton},
url={http://dx.doi.org/10.1016/B978-012088589-3/50030-X},
DOI={10.1016/b978-012088589-3/50030-x},
booktitle={Encyclopedia of the Solar System},
chapter={26},
publisher={Elsevier},
author={McKinnon, W and Kirk, R},
year={2007},
pages={483–502}
}

@Article{Carry2008,
title={Near-infrared mapping and physical properties of the dwarf-planet Ceres},
volume={478},
url={http://dx.doi.org/10.1051/0004-6361:20078166},
DOI={10.1051/0004-6361:20078166},
number={1},
journal={Astronomy and Astrophysics},
publisher={EDP Sciences},
author={Carry, B. and Dumas, C. and Fulchignoni, M. and others},
year={2008},
month={Jan},
pages={235–244}
}

@article{Assafin2009,
title={OBSERVATIONS AND ANALYSIS OF MUTUAL EVENTS BETWEEN THE URANUS MAIN SATELLITES},
volume={137},
url={http://dx.doi.org/10.1088/0004-6256/137/4/4046},
DOI={10.1088/0004-6256/137/4/4046},
number={4},
journal={The Astronomical Journal},
publisher={IOP Publishing},
author={Assafin, M. and Vieira-Martins, R. and Braga-Ribas, F. and others},
year={2009},
month={Mar},
pages={4046–4053}
}

@Article{Widemann2009,
title={Titania’s radius and an upper limit on its atmosphere from the September 8, 2001 stellar occultation},
volume={199},
url={http://dx.doi.org/10.1016/j.icarus.2008.09.011},
DOI={10.1016/j.icarus.2008.09.011},
number={2},
journal={Icarus},
publisher={Elsevier BV},
author={Widemann, T. and Sicardy, B. and Dusser, R. and others},
year={2009},
month={Feb},
pages={458–476}
}

@Article{Thomas2010,
title={Sizes, shapes, and derived properties of the saturnian satellites after the Cassini nominal mission},
volume={208},
url={http://dx.doi.org/10.1016/j.icarus.2010.01.025},
DOI={10.1016/j.icarus.2010.01.025},
number={1},
journal={Icarus},
publisher={Elsevier BV},
author={Thomas, P.C.},
year={2010},
month={Jul},
pages={395–401}
}

@article{Assafin2010,
title={Precise predictions of stellar occultations by Pluto, Charon, Nix, and Hydra for 2008–2015},
volume={515},
url={http://dx.doi.org/10.1051/0004-6361/200913690},
DOI={10.1051/0004-6361/200913690},
journal={Astronomy and Astrophysics},
publisher={EDP Sciences},
author={Assafin, M. and Camargo, J. I. B. and Vieira Martins, R. and others},
year={2010},
month={Jun},
pages={A32}
}

@article{Elliot2010,
title={Size and albedo of Kuiper belt object 55636 from a stellar occultation},
volume={465},
url={http://dx.doi.org/10.1038/nature09109},
DOI={10.1038/nature09109},
number={7300},
journal={Nature},
publisher={Nature Publishing Group},
author={Elliot, J. L. and Person, M. J. and Zuluaga, C. A. and others},
year={2010},
month={Jun},
pages={897–900}
}

@Article{Sicardy2011,
title={A Pluto-like radius and a high albedo for the dwarf planet Eris from an occultation},
volume={478},
url={http://dx.doi.org/10.1038/nature10550},
DOI={10.1038/nature10550},
number={7370},
journal={Nature},
publisher={Nature Publishing Group},
author={Sicardy, B. and Ortiz, J. L. and Assafin, M. and others},
year={2011},
month={Oct},
pages={493–496}
}

@INPROCEEDINGS{Assafin2011,
   author = {{Assafin}, M. and {Vieira Martins}, R. and {Camargo}, J.~I.~B. and others},
    title = {PRAIA - Platform for Reduction of Astronomical Images Automatically},
booktitle = {Gaia follow-up network for the solar system objects : Gaia FUN-SSO workshop proceedings, held at IMCCE -Paris Observatory, France, November 29 - December 1, 2010 / edited by Paolo Tanga, William Thuillot.- ISBN 2-910015-63-7, p. 85-88},
     year = 2011,
   editor = {{Tanga}, P. and {Thuillot}, W.},
    month = jun,
    pages = {85-88},
   adsurl = {http://adsabs.harvard.edu/abs/2011gfun.conf...85A},
  adsnote = {Provided by the SAO/NASA Astrophysics Data System}
}

@article{Nogueira2011,
title={Reassessing the origin of Triton},
volume={214},
url={http://dx.doi.org/10.1016/j.icarus.2011.05.003},
DOI={10.1016/j.icarus.2011.05.003},
number={1},
journal={Icarus},
publisher={Elsevier BV},
author={Nogueira, E. and Brasser, R. and Gomes, R.},
year={2011},
month={Jul},
pages={113–130}
}

@article{Ortiz2012,
title={Albedo and atmospheric constraints of dwarf planet Makemake from a stellar occultation},
volume={491},
url={http://dx.doi.org/10.1038/nature11597},
DOI={10.1038/nature11597},
number={7425},
journal={Nature},
publisher={Nature Publishing Group},
author={Ortiz, J. L. and Sicardy, B. and Braga-Ribas, F. and others},
year={2012},
month={Nov},
pages={566–569}
}

@Article{Jacobson2012,
title={IRREGULAR SATELLITES OF THE OUTER PLANETS: ORBITAL UNCERTAINTIES AND ASTROMETRIC RECOVERIES IN 2009–2011},
volume={144},
url={http://dx.doi.org/10.1088/0004-6256/144/5/132},
DOI={10.1088/0004-6256/144/5/132},
number={5},
journal={The Astronomical Journal},
publisher={IOP Publishing},
author={Jacobson, R. and Brozović, M. and Gladman, B. and others},
year={2012},
month={Oct},
pages={132}
}

@article{Assafin2012,
title={Candidate stellar occultations by large trans-Neptunian objects up to 2015},
volume={541},
url={http://dx.doi.org/10.1051/0004-6361/201118349},
DOI={10.1051/0004-6361/201118349},
journal={Astronomy and Astrophysics},
publisher={EDP Sciences},
author={Assafin, M. and Camargo, J. I. B. and Vieira Martins, R. and others},
year={2012},
month={May},
pages={A142}
}

@article{Lainey2012,
title={STRONG TIDAL DISSIPATION IN SATURN AND CONSTRAINTS ON ENCELADUS’ THERMAL STATE FROM ASTROMETRY},
volume={752},
url={http://dx.doi.org/10.1088/0004-637X/752/1/14},
DOI={10.1088/0004-637x/752/1/14},
number={1},
journal={ApJ},
publisher={IOP Publishing},
author={Lainey, Valéry and Karatekin, \"Ozg\"ur and Desmars, Josselin and others},
year={2012},
month={May},
pages={14}
}



@article{McKinnon2012,
   author = {{McKinnon}, W. B.},
    title = {Where Did Ceres Accrete?},
  journal = {LPI Contributions},
     year = 2012,
    month = may,
   volume = 1667,
      eid = {6475},
    pages = {6475},
   adsurl = {http://adsabs.harvard.edu/abs/2012LPICo1667.6475M},
  adsnote = {Provided by the SAO/NASA Astrophysics Data System}
}

@Article{Zacharias2013,
title={THE FOURTH US NAVAL OBSERVATORY CCD ASTROGRAPH CATALOG (UCAC4)},
volume={145},
url={http://dx.doi.org/10.1088/0004-6256/145/2/44},
DOI={10.1088/0004-6256/145/2/44},
number={2},
journal={The Astronomical Journal},
publisher={IOP Publishing},
author={Zacharias, N. and Finch, C. T. and Girard, T. M. and others},
year={2013},
month={Jan},
pages={44}
}

@Article{Braga-Ribas2013,
title={THE SIZE, SHAPE, ALBEDO, DENSITY, AND ATMOSPHERIC LIMIT OF TRANSNEPTUNIAN OBJECT (50000) QUAOAR FROM MULTI-CHORD STELLAR OCCULTATIONS},
volume={773},
url={http://dx.doi.org/10.1088/0004-637X/773/1/26},
DOI={10.1088/0004-637x/773/1/26},
number={1},
journal={ApJ},
publisher={IOP Publishing},
author={Braga-Ribas, F. and Sicardy, B. and Ortiz, J. L. and others},
year={2013},
month={Jul},
pages={26}
}

@article{Camargo2013,
title={Candidate stellar occultations by Centaurs and trans-Neptunian objects up to 2014},
volume={561},
url={http://dx.doi.org/10.1051/0004-6361/201322579},
DOI={10.1051/0004-6361/201322579},
journal={Astronomy and Astrophysics},
publisher={EDP Sciences},
author={Camargo, J. I. B. and Vieira-Martins, R. and Assafin, M. and others},
year={2014},
month={Dec},
pages={A37}
}

@Article{Drummond2014,
title={Dwarf planet Ceres: Ellipsoid dimensions and rotational pole from Keck and VLT adaptive optics images},
volume={236},
url={http://dx.doi.org/10.1016/j.icarus.2014.03.038},
DOI={10.1016/j.icarus.2014.03.038},
journal={Icarus},
publisher={Elsevier BV},
author={Drummond, J.D. and Carry, B. and Merline, W.J. and others},
year={2014},
month={Jul},
pages={28–37}
}

@article{Dunham2014,
author = {Dunham, D.W. and others},
year = {2014},
journal = {Asteroid Occultations V12.0. EAR-A-3-RDR-OCCULTATIONS-V12.0. NASA Planetary Data System},
url = {http://sbn.psi.edu/pds/resource/occ.html},
}

@article{Nesvorny2014,
title={CAPTURE OF IRREGULAR SATELLITES AT JUPITER},
volume={784},
url={http://dx.doi.org/10.1088/0004-637X/784/1/22},
DOI={10.1088/0004-637x/784/1/22},
number={1},
journal={ApJ},
publisher={IOP Publishing},
author={Nesvorný, David and Vokrouhlický, David and Deienno, Rogerio},
year={2014},
month={Feb},
pages={22}
}

@article{BragaRibas2014,
title={A ring system detected around the Centaur (10199) Chariklo},
volume={508},
url={http://dx.doi.org/10.1038/nature13155},
DOI={10.1038/nature13155},
number={7494},
journal={Nature},
publisher={Nature Publishing Group},
author={Braga-Ribas, F. and Sicardy, B. and Ortiz, J. L. and others},
year={2014},
month={Mar},
pages={72–75}
}

@Article{Rossi2014,
title={Pluto: improved astrometry from 19 years of observations},
volume={570},
url={http://dx.doi.org/10.1051/0004-6361/201424275},
DOI={10.1051/0004-6361/201424275},
journal={Astronomy and Astrophysics},
publisher={EDP Sciences},
author={Benedetti-Rossi, G. and Vieira Martins, R. and Camargo, J. I. B. and others},
year={2014},
month={Oct},
pages={A86}
}

@article{Olkin2015,
title={Evidence that Pluto’s atmosphere does not collapse from occultations including the 2013 May 04 event},
volume={246},
url={http://dx.doi.org/10.1016/j.icarus.2014.03.026},
DOI={10.1016/j.icarus.2014.03.026},
journal={Icarus},
publisher={Elsevier BV},
author={Olkin, C.B. and Young, L.A. and Borncamp, D. and others},
year={2015},
month={Jan},
pages={220–225}
}

@Article{GomesJunior2015-Ceres,
author = {Gomes-Júnior, A. R. and Giacchini, B. L. and Braga-Ribas, F. and others}, 
title = {Results of two multichord stellar occultations by dwarf planet (1) Ceres},
volume = {451}, 
number = {3}, 
pages = {2295-2302}, 
year = {2015}, 
doi = {10.1093/mnras/stv1081}, 
url = {http://mnras.oxfordjournals.org/content/451/3/2295.abstract}, 
eprint = {http://mnras.oxfordjournals.org/content/451/3/2295.full.pdf+html}, 
journal = {Monthly Notices of the Royal Astronomical Society} 
}

@article{GomesJunior2015-Irregular,
title={Astrometric positions for 18 irregular satellites of giant planets from 23 years of observations},
volume={580},
url={http://dx.doi.org/10.1051/0004-6361/201526273},
DOI={10.1051/0004-6361/201526273},
journal={Astronomy \& Astrophysics},
publisher={EDP Sciences},
author={Gomes-Júnior, A. R. and Assafin, M. and Vieira-Martins, R. and others},
year={2015},
month={Aug},
pages={A76}
}

@Article{DiasOliveira2015,
author = {Dias-Oliveira, A. and Sicardy, B. and Lellouch, E. and others},
title = {Pluto’s atmosphere from stellar occultations in 2012 and 2013},
journal = {The Astrophysical Journal},
note = {submetido},
year = {2015},
}

@Article{Desmars2015,
author = {Desmars, J. and Camargo, J.I.B. and Braga-Ribas, F. and others},
title = {Orbit determination of trans-Neptunian objects and Centaurs for the prediction of stellar occultations},
journal = {Astronomy and Astrophysics},
note = {submetido},
year = {2015},
}

@article{Nimmo2015,
title={Powering Triton’s recent geological activity by obliquity tides: Implications for Pluto geology},
volume={246},
url={http://dx.doi.org/10.1016/j.icarus.2014.01.044},
DOI={10.1016/j.icarus.2014.01.044},
journal={Icarus},
publisher={Elsevier BV},
author={Nimmo, F. and Spencer, J.R.},
year={2015},
month={Jan},
pages={2–10}
}

@article{Ruprecht2015,
title={29 November 2011 stellar occultation by 2060 Chiron: Symmetric jet-like features},
volume={252},
url={http://dx.doi.org/10.1016/j.icarus.2015.01.015},
DOI={10.1016/j.icarus.2015.01.015},
journal={Icarus},
publisher={Elsevier BV},
author={Ruprecht, Jessica D. and Bosh, Amanda S. and Person, Michael J. and others},
year={2015},
month={May},
pages={271–276}
}

@Article{Camargo2015,
author = {Camargo, J.I.B. and Magalhães, F.P. and Vieira-Martins, R. and others},
title = {Astrometry of the main satellites of Uranus: 18 years of observations},
journal = {Astronomy and Astrophysics},
note = {submetido},
year = {2015},
}

@article{Grav2015,
title={NEOWISE: OBSERVATIONS OF THE IRREGULAR SATELLITES OF JUPITER AND SATURN},
volume={809},
url={http://dx.doi.org/10.1088/0004-637X/809/1/3},
DOI={10.1088/0004-637x/809/1/3},
number={1},
journal={The Astrophysical Journal},
publisher={IOP Publishing},
author={Grav, T. and Bauer, J. M. and Mainzer, A. K. and others},
year={2015},
month={Aug},
pages={3}
}

@article{GomesJunior2016,
title={New orbits of irregular satellites designed for the predictions of stellar occultations up to 2020, based on thousands of new observations},
volume={462},
url={http://dx.doi.org/10.1093/mnras/stw1738},
DOI={10.1093/mnras/stw1738},
number={2},
journal={Monthly Notices of the Royal Astronomical Society},
publisher={Oxford University Press (OUP)},
author={Gomes-Júnior, A. R. and Assafin, M. and Beauvalet, L. and others},
year={2016},
month={Jul},
pages={1351–1358}
}

@Article{Michaely2017,
title={On the Existence of Regular and Irregular Outer Moons Orbiting the Pluto–Charon System},
volume={836},
url={http://dx.doi.org/10.3847/1538-4357/aa52b2},
DOI={10.3847/1538-4357/aa52b2},
number={1},
journal={The Astrophysical Journal},
publisher={American Astronomical Society},
author={Michaely, E. and Perets, H. B. and Grishin, E.},
year={2017},
month={Feb},
pages={27}
}

@article{Brozovic2017,
title={The Orbits of Jupiter’s Irregular Satellites},
volume={153},
url={http://dx.doi.org/10.3847/1538-3881/aa5e4d},
DOI={10.3847/1538-3881/aa5e4d},
number={4},
journal={The Astronomical Journal},
publisher={American Astronomical Society},
author={Brozović, M. and Jacobson, R. A.},
year={2017},
month={Mar},
pages={147}
}