
@ARTICLE{Smith1989,
title={Voyager 2 at Neptune: Imaging Science Results},
volume={246},
url={http://dx.doi.org/10.1126/science.246.4936.1422},
DOI={10.1126/science.246.4936.1422},
number={4936},
journal={Science},
publisher={American Association for the Advancement of Science (AAAS)},
author={Smith, B. A. and Soderblom, L. A. and Banfield, D. and Barnet, c. and Basilevsky, A. T. and Beebe, R. F. and Bollinger, K. and Boyce, J. M. and Brahic, A. and Briggs, G. A. and et al.},
year={1989},
month={Dec},
pages={1422–1449}
}

@ARTICLE{Sheppard2003,
title={An abundant population of small irregular satellites around Jupiter},
volume={423},
url={http://dx.doi.org/10.1038/nature01584},
DOI={10.1038/nature01584},
number={6937},
journal={Nature},
publisher={Nature Publishing Group},
author={Sheppard, Scott S. and Jewitt, David C.},
year={2003},
month={May},
pages={261–263}
}

@ARTICLE{Desmars2013,
title={Phoebe’s orbit from ground-based and space-based observations},
volume={553},
url={http://dx.doi.org/10.1051/0004-6361/201321114},
DOI={10.1051/0004-6361/201321114},
journal={Astronomy \& Astrophysics},
publisher={EDP Sciences},
author={Desmars, J. and Li, S. N. and Tajeddine, R. and Peng, Q. Y. and Tang, Z. H.},
year={2013},
month={Apr},
pages={A36}
}

@ARTICLE{Clark2005,
title={Compositional maps of Saturn’s moon Phoebe from imaging spectroscopy},
volume={435},
url={http://dx.doi.org/10.1038/nature03558},
DOI={10.1038/nature03558},
number={7038},
journal={Nature},
publisher={Nature Publishing Group},
author={Clark, Roger N. and Brown, Robert H. and Jaumann, Ralf and Cruikshank, Dale P. and Nelson, Robert M. and Buratti, Bonnie J. and McCord, Thomas B. and Lunine, J. and Baines, K. H. and Bellucci, G. and et al.},
year={2005},
month={May},
pages={66–69}
}

@article{Grav2003,
title={Photometric survey of the irregular satellites},
volume={166},
url={http://dx.doi.org/10.1016/j.icarus.2003.07.005},
DOI={10.1016/j.icarus.2003.07.005},
number={1},
journal={Icarus},
publisher={Elsevier BV},
author={Grav, Tommy and Holman, Matthew J. and Gladman, Brett J. and Aksnes, Kaare},
year={2003},
month={Nov},
pages={33–45}
}

@ARTICLE{Grav2007,
title={A deeper look at the colors of the saturnian irregular satellites},
volume={191},
url={http://dx.doi.org/10.1016/j.icarus.2007.04.020},
DOI={10.1016/j.icarus.2007.04.020},
number={1},
journal={Icarus},
publisher={Elsevier BV},
author={Grav, T and Bauer, J},
year={2007},
month={Nov},
pages={267–285}
}

@Article{Jacobson2012,
title={IRREGULAR SATELLITES OF THE OUTER PLANETS: ORBITAL UNCERTAINTIES AND ASTROMETRIC RECOVERIES IN 2009–2011},
volume={144},
url={http://dx.doi.org/10.1088/0004-6256/144/5/132},
DOI={10.1088/0004-6256/144/5/132},
number={5},
journal={The Astronomical Journal},
publisher={IOP Publishing},
author={Jacobson, R. and Brozović, M. and Gladman, B. and Alexandersen, M. and Nicholson, P. D. and Veillet, C.},
year={2012},
month={Oct},
pages={132}
}

@Article{Porco2003,
title={Cassini Imaging of Jupiter’s Atmosphere, Satellites, and Rings},
volume={299},
url={http://dx.doi.org/10.1126/science.1079462},
DOI={10.1126/science.1079462},
number={5612},
journal={Science},
publisher={American Association for the Advancement of Science (AAAS)},
author={Porco, C. C. and West, Robert A. and McEwen, Alfred and others},
year={2003},
month={Mar},
pages={1541–1547}
}

@Article{Lindegren1977,
author = {{Lindegren}, L.},
title = {Meridian observations of planets with a photoelectric mustislit micrometer},
journal = {Astronomy and Astrophysics},
year = {1977},
volume = {57},
pages = {55-72},
}

@Article{Emelyanov2008,
title={The natural satellites ephemerides facility MULTI-SAT},
volume={487},
url={http://dx.doi.org/10.1051/0004-6361:200809790},
DOI={10.1051/0004-6361:200809790},
number={2},
journal={Astronomy and Astrophysics},
publisher={EDP Sciences},
author={Emel’yanov, N. V. and Arlot, J.-E.},
year={2008},
month={Aug},
pages={759–765}
}

@article{Thomas2010,
title={Sizes, shapes, and derived properties of the saturnian satellites after the Cassini nominal mission},
volume={208},
url={http://dx.doi.org/10.1016/j.icarus.2010.01.025},
DOI={10.1016/j.icarus.2010.01.025},
number={1},
journal={Icarus},
publisher={Elsevier BV},
author={Thomas, P.C.},
year={2010},
month={Jul},
pages={395–401}
}

@article {Thomas1991,
title={Voyager observations of Nereid},
volume={96},
url={http://dx.doi.org/10.1029/91JA01735},
DOI={10.1029/91ja01735},
number={S01},
journal={J. Geophys. Res.},
publisher={Wiley-Blackwell},
author={Thomas, Peter and Veverka, Joseph and Helfenstein, Paul},
year={1991},
pages={19253}
}

@article {Braga-Ribas2014,
title={A ring system detected around the Centaur (10199) Chariklo},
volume={508},
url={http://dx.doi.org/10.1038/nature13155},
DOI={10.1038/nature13155},
number={7494},
journal={Nature},
publisher={Nature Publishing Group},
author={Braga-Ribas, F. and Sicardy, B. and Ortiz, J. L. and Snodgrass, C. and Roques, F. and Vieira-Martins, R. and Camargo, J. I. B. and Assafin, M. and Duffard, R. and Jehin, E. and et al.},
year={2014},
month={Mar},
pages={72–75}
}

@Article{deBruijne2012,
title={Science performance of Gaia, ESA’s space-astrometry mission},
volume={341},
url={http://dx.doi.org/10.1007/s10509-012-1019-4},
DOI={10.1007/s10509-012-1019-4},
number={1},
journal={Astrophysics and Space Science},
publisher={Springer Science + Business Media},
author={de Bruijne, J. H. J.},
year={2012},
month={Mar},
pages={31–41}
}

@INPROCEEDINGS{Jones2000,
   author = {{Jones}, H. and {Valdes}, F.},
    title = "{Handling ESO WFI Data with IRAF}",
booktitle = {"Handling ESO WFI Data With IRAF", ESO Document number 2p2-MAN-ESO-22200-00002},
     year = 2000,
}

@INPROCEEDINGS{Valdes1998,
   author = {{Valdes}, F. G.},
    title = "{Handling ESO WFI Data with IRAF}",
booktitle = {"The IRAF Mosaic Data Reduction Package" in Astronomical Data Analysis Software and Systems VII, A.S.P. Conference Ser., Vol 145, eds R. Albrecht, R. N. Hook and H. A. Bushouse, 53},
     year = 1998,
}

@ARTICLE{2010A&A...515A..32A,
title={Precise predictions of stellar occultations by Pluto, Charon, Nix, and Hydra for 2008–2015},
volume={515},
url={http://dx.doi.org/10.1051/0004-6361/200913690},
DOI={10.1051/0004-6361/200913690},
journal={Astronomy \& Astrophysics},
publisher={EDP Sciences},
author={Assafin, M. and Camargo, J. I. B. and Vieira Martins, R. and Andrei, A. H. and Sicardy, B. and Young, L. and da Silva Neto, D. N. and Braga-Ribas, F.},
year={2010},
month={Jun},
pages={A32}
}

@ARTICLE{2012A&A...541A.142A,
title={Candidate stellar occultations by large trans-Neptunian objects up to 2015},
volume={541},
url={http://dx.doi.org/10.1051/0004-6361/201118349},
DOI={10.1051/0004-6361/201118349},
journal={Astronomy \& Astrophysics},
publisher={EDP Sciences},
author={Assafin, M. and Camargo, J. I. B. and Vieira Martins, R. and Braga-Ribas, F. and Sicardy, B. and Andrei, A. H. and da Silva Neto, D. N.},
year={2012},
month={May},
pages={A142}
}

@INPROCEEDINGS{2011gfun.conf...85A,
   author = {{Assafin}, M. and {Vieira Martins}, R. and {Camargo}, J.~I.~B. and 
	{Andrei}, A.~H. and {Da Silva Neto}, D.~N. and {Braga-Ribas}, F.
	},
    title = "{PRAIA - Platform for Reduction of Astronomical Images Automatically}",
booktitle = {Gaia follow-up network for the solar system objects : Gaia FUN-SSO workshop proceedings, held at IMCCE -Paris Observatory, France, November 29 - December 1, 2010. ISBN 2-910015-63-7},
     year = 2011,
   editor = {{Tanga}, P. and {Thuillot}, W.},
    month = jun,
    pages = {85-88},
   adsurl = {http://adsabs.harvard.edu/abs/2011gfun.conf...85A},
  adsnote = {Provided by the SAO/NASA Astrophysics Data System}
}

@ARTICLE{2013AJ....145...44Z,
title={THE FOURTH US NAVAL OBSERVATORY CCD ASTROGRAPH CATALOG (UCAC4)},
volume={145},
url={http://dx.doi.org/10.1088/0004-6256/145/2/44},
DOI={10.1088/0004-6256/145/2/44},
number={2},
journal={The Astronomical Journal},
publisher={IOP Publishing},
author={Zacharias, N. and Finch, C. T. and Girard, T. M. and Henden, A. and Bartlett, J. L. and Monet, D. G. and Zacharias, M. I.},
year={2013},
month={Jan},
pages={44}
}